@online{ImpactNumerique,
  title = {"Impact environnemental du numérique : tendances à 5 ans et gouvernance de la 5G" Rapport},
  url = {https://theshiftproject.org/article/impact-environnemental-du-numerique-5g-nouvelle-etude-du-shift/},
  year = 2021
}
@online{greenpeace,
  title = {Rapport de greenpeace, la pollution numérique},
  year = 2021,
  url = {https://www.greenpeace.fr/la-pollution-numerique/},
}


@online{webeco,
  title = {Conception site web eco-responsable},
  year = 2021,
  url = {https://www.lafabriquedunet.fr/creation-site/formulaire/},
}
@inproceedings{bachelet2007global,
  title={Global climate change implications for digital government research: keynote panel},
  author={Bachelet, Dominique and Hooper, Richard P and Cushing, Judith B and van Puijenbroek, Peter and Eckman, Barbara and Worrest, Robert C},
  booktitle={Proceedings of the 8th annual international conference on Digital government research: bridging disciplines \& domains},
  pages={321--322},
  year={2007}
}


@online{shift,
  title = {The Shift Project},
  year = 2021,
  url = {https://theshiftproject.org/},
}

